@article{dc,
  author = {Daniel Carvalho da Cunha},
  title = {Slides da disciplina de Princípios de Comunicações},
  year = {2023.2},
  journal = {ES3444/CInUfpe},
}
